@article{Hills2019Aug,
  author = {Hills, Gage and Lau, Christian and Wright, Andrew and Fuller, Samuel and Bishop, Mindy D. and Srimani, Tathagata and Kanhaiya, Pritpal and Ho, Rebecca and Amer, Aya and Stein, Yosi and Murphy, Denis and Arvind and Chandrakasan, Anantha and Shulaker, Max M.},
  title = {{Modern microprocessor built from complementary carbon nanotube transistors}},
  journal = {Nature},
  volume = {572},
  pages = {595--602},
  year = {2019},
  month = aug,
  issn = {1476-4687},
  publisher = {Nature Publishing Group},
  doi = {10.1038/s41586-019-1493-8}
}
@INPROCEEDINGS{175441,
  author={Naber, J.F. and Singh, H.P. and Sadler, R.A. and Latusis, J.E. and Tanis, W.J.},
  booktitle={12th Annual Symposium on Gallium Arsenide Integrated Circuit (GaAs IC)}, 
  title={A low-power, high-speed 10-bit GaAs DAC}, 
  year={1990},
  volume={},
  number={},
  pages={33-36},
  doi={10.1109/GAAS.1990.175441}}
@INPROCEEDINGS{1511398,
  author={Xu, B. and Wang, Z.G. and Chen, Y.H. and Jin, P. and Ye, X.L. and Liu, H.Y. and Zhang, Z.Y. and Shi, G.X. and Zhang, C.L. and Wang, Y.L. and Liu, F.Q.},
  booktitle={13th International Conference on Semiconducting and Insulating Materials, 2004. SIMC-XIII-2004.}, 
  title={Controlled growth of III-V compound semiconductor nano-structures and their application in quantum-devices}, 
  year={2004},
  volume={},
  number={},
  pages={113-118},
  doi={10.1109/SIM.2005.1511398}}
