@ARTICLE{4383399,
  author={Owen, E.L.},
  journal={IEEE Industry Applications Magazine}, 
  title={SCR Is 50 Years Old [History]}, 
  year={2007},
  volume={13},
  number={6},
  pages={6-10},
  keywords={Transistors;Rectifiers;Switches;Silicon;Thyristors;Electron tubes},
  doi={10.1109/MIA.2007.907204}}

@book{sinclair1987electronics,
  title={Electronics for Electricians and Engineers},
  author={Sinclair, I.R.},
  isbn={9780831110000},
  lccn={87017133},
  url={https://books.google.com/books?id=Epf47B0MKgwC},
  year={1987},
  publisher={Industrial Press}
}

@book{sedra2010microelectronic,
  title={Microelectronic Circuits},
  author={Sedra, A.S. and Smith, K.C.},
  isbn={9780195323030},
  lccn={2009042633},
  series={Oxf ser Elec Series},
  url={https://books.google.com/books?id=wDQJQQAACAAJ},
  year={2010},
  publisher={Oxford University Press}
}

@INPROCEEDINGS{9661828,
  author={Hirakawa, Takashi and Hasegawa, Naoki and Nakamoto, Yuta and Ohta, Yoshichika},
  booktitle={2021 IEEE Asia-Pacific Microwave Conference (APMC)}, 
  title={Theoretical Analysis of Ideal Full-Bridge Rectifier with High-Frequency Input}, 
  year={2021},
  volume={},
  number={},
  pages={287-289},
  keywords={Bridges;Simulation;Conferences;Rectifiers;Focusing;Wireless power transfer;Boosting;rectifier;theory;analysis;full-bridge rectifier;RF-DC conversion efficiency;wireless power transmission;single shunt rectifier},
  doi={10.1109/APMC52720.2021.9661828}}


@article{thyristorapplications,
  author={Shubham Atmaram Markad},
  journal={International journal of applied research},
  title={Thyristor and their applications},
  volume={3},
  year={2017},
  pages={595-597},
}

@INPROCEEDINGS{794555,
  author={Dawande, M. and Dubey, G.K.},
  booktitle={Proceedings of the IEEE 1999 International Conference on Power Electronics and Drive Systems. PEDS'99 (Cat. No.99TH8475)}, 
  title={Switching techniques for switch mode rectifier}, 
  year={1999},
  volume={1},
  number={},
  pages={167-173 vol.1},
  keywords={Rectifiers;Power semiconductor switches;Hysteresis;Thyristors;Uninterruptible power systems;Switched-mode power supply;Semiconductor devices;Switching converters;Current control;Switching frequency},
  doi={10.1109/PEDS.1999.794555}}


@INPROCEEDINGS{7507485,
  author={Kumar, Shubham and Jain, Prateek and Akashe, Shyam},
  booktitle={2015 International Conference on Communication Networks (ICCN)}, 
  title={Design and analysis of switch mode power supply using CMOS single-phase full bridge rectifier}, 
  year={2015},
  volume={},
  number={},
  pages={374-380},
  keywords={Rectifiers;CMOS integrated circuits;CMOS technology;Automobiles;Delays;Power supplies;Standards;SMPS;Power Dissipation;Delay;leakage current;Noise},
  doi={10.1109/ICCN.2015.72}}
